<?xml version="1.0" encoding="UTF-8"?><record xmlns="http://www.loc.gov/MARC21/slim" xmlns:cinclude="http://apache.org/cocoon/include/1.0" xmlns:zs="http://www.loc.gov/zing/srw/">
  <leader>00527nz  a2200145n  4500</leader>
  <controlfield tag="001">no2008029929</controlfield>
  <controlfield tag="003">DLC</controlfield>
  <controlfield tag="005">20080227072154.0</controlfield>
  <controlfield tag="008">080108n| acannaabn          |n aaa     c</controlfield>
  <datafield tag="010" ind1=" " ind2=" ">
    <subfield code="a">no2008029929</subfield>
  </datafield>
  <datafield tag="035" ind1=" " ind2=" ">
    <subfield code="a">(OCoLC)oca07669642</subfield>
  </datafield>
  <datafield tag="040" ind1=" " ind2=" ">
    <subfield code="a">AzTeS</subfield>
    <subfield code="b">eng</subfield>
    <subfield code="c">AzTeS</subfield>
  </datafield>
  <datafield tag="100" ind1="1" ind2=" ">
    <subfield code="a">Fagan, Margaret Mary,</subfield>
    <subfield code="d">1887-</subfield>
  </datafield>
  <datafield tag="670" ind1=" " ind2=" ">
    <subfield code="a">The type species of the genera of Chalcidoidea or Chalcid-flies, 1923:</subfield>
    <subfield code="b">t.p. (Margaret Mary Fagan)</subfield>
  </datafield>
  <datafield tag="670" ind1=" " ind2=" ">
    <subfield code="a">OCLC, Feb. 4, 2008</subfield>
    <subfield code="b">(hdg.: Fagan, Margaret Mary, 1887- ; usage: Margaret Mary Fagan, Margaret M. Fagan)</subfield>
  </datafield>
</record>